
@online{GitHubGettingStartedHubot,
  title = {Getting {{Started With Hubot}}},
  url = {https://hubot.github.com/docs/},
  abstract = {Hubot is your friendly robot sidekick. Install him in your company to dramatically improve employee efficiency.},
  journaltitle = {HUBOT},
  author = {{GitHub}},
  urldate = {2017-12-04},
  file = {/home/ohli/Zotero/storage/C6RN26B2/docs.html}
}

@online{SlackConversationsAPI,
  title = {Conversations {{API}}},
  url = {https://api.slack.com/docs/conversations-api},
  abstract = {Learn how to build bot users, send notifications, and interact with workspaces using our APIs.},
  journaltitle = {api.slack.com},
  author = {Slack},
  urldate = {2017-12-04},
  file = {/home/ohli/Zotero/storage/IJ6G92IR/conversations-api.html}
}

@online{BotkitBotkitToolkitbuilding,
  title = {Botkit - {{Toolkit}} for Building Bots and Conversational Software},
  url = {https://www.botkit.ai/},
  abstract = {Botkit: the most popular open-source toolkit for creating bots!},
  journaltitle = {Botkit},
  author = {{Botkit}},
  urldate = {2017-12-04},
  file = {/home/ohli/Zotero/storage/N5FJH9MT/botkit.ai.html}
}

@online{SlackSlashCommands,
  title = {Slash {{Commands}}},
  url = {https://api.slack.com/slash-commands},
  abstract = {Learn how to build bot users, send notifications, and interact with workspaces using our APIs.},
  journaltitle = {api.slack.com},
  author = {Slack},
  urldate = {2017-12-05},
  file = {/home/ohli/Zotero/storage/CXMJVCGR/slash-commands.html}
}

@online{RasaOpensource,
  title = {Rasa: {{Open}} Source Conversational {{AI}} for Enterprise},
  url = {https://rasa.ai/},
  shorttitle = {Rasa},
  abstract = {Build intelligent applications with our machine learning based NLU \& dialogue management. Kick-start your enterprise deployment with Rasa Platform.},
  urldate = {2017-12-05},
  file = {/home/ohli/Zotero/storage/V8FYULQW/rasa.ai.html}
}


